<record><leader>00000cas a2200000 a 4500</leader><controlfield tag="001">798578117</controlfield><controlfield tag="007">hd af||||b|c|</controlfield><controlfield tag="008">120709d188118uuiluwr nea     0   a0eng c</controlfield><datafield ind1=" " ind2=" " tag="010"><subfield code="a">  2012271019</subfield></datafield><datafield ind1=" " ind2=" " tag="040"><subfield code="a">NVF</subfield><subfield code="b">eng</subfield><subfield code="c">NVF</subfield><subfield code="d">NVF</subfield><subfield code="d">OCLCO</subfield><subfield code="d">OCLCF</subfield><subfield code="d">OCLCQ</subfield></datafield><datafield ind1=" " ind2=" " tag="042"><subfield code="a">pcc</subfield></datafield><datafield ind1=" " ind2=" " tag="043"><subfield code="a">n-us-il</subfield></datafield><datafield ind1="0" ind2="4" tag="082"><subfield code="a">634.09205</subfield></datafield><datafield ind1="0" ind2="4" tag="245"><subfield code="a">The farmer and fruit grower of Southern Illinois.</subfield></datafield><datafield ind1=" " ind2=" " tag="260"><subfield code="a">Anna, Union Co., Ill. :</subfield><subfield code="b">Harvey C. Bouton,</subfield><subfield code="c">1881-[18--?]</subfield></datafield><datafield ind1=" " ind2=" " tag="300"><subfield code="a">volumes :</subfield><subfield code="b">illustrations</subfield></datafield><datafield ind1=" " ind2=" " tag="310"><subfield code="a">Weekly</subfield></datafield><datafield ind1=" " ind2=" " tag="336"><subfield code="a">text</subfield><subfield code="b">txt</subfield><subfield code="2">rdacontent</subfield></datafield><datafield ind1=" " ind2=" " tag="337"><subfield code="a">microform</subfield><subfield code="b">h</subfield><subfield code="2">rdamedia</subfield></datafield><datafield ind1=" " ind2=" " tag="338"><subfield code="a">microfilm reel</subfield><subfield code="b">hd</subfield><subfield code="2">rdacarrier</subfield></datafield><datafield ind1="0" ind2=" " tag="362"><subfield code="a">Vol. 5, no. 214 (Oct. 12, 1881)-</subfield></datafield><datafield ind1=" " ind2=" " tag="500"><subfield code="a">"A weekly journal of agriculture, horticulture, markets, news, and home literature."</subfield></datafield><datafield ind1=" " ind2=" " tag="515"><subfield code="a">Continues the numbering of Farmer and fruit grower.</subfield></datafield><datafield ind1=" " ind2=" " tag="588"><subfield code="a">Latest issue consulted: Vol. 9 (Feb. 10, 1886) = whole no. 440.</subfield></datafield><datafield ind1=" " ind2=" " tag="533"><subfield code="a">Microfilm.</subfield><subfield code="m">Oct. 12, 1881-Feb. 10, 1886</subfield><subfield code="b">Urbana, Ill. :</subfield><subfield code="c">University of Illinois at Urbana-Champaign,</subfield><subfield code="d">2012.</subfield><subfield code="e">4 microfilm reels ; 35 mm.</subfield><subfield code="n">Issues for Oct. 12 1881-Sept. 18, 1882 on reel with: Farmer and fruit grower, July 20-Oct. 5, 1881.</subfield></datafield><datafield ind1=" " ind2="0" tag="650"><subfield code="a">Farmers</subfield><subfield code="z">Illinois</subfield><subfield code="z">Anna</subfield><subfield code="v">Newspapers.</subfield></datafield><datafield ind1=" " ind2="0" tag="650"><subfield code="a">Fruit growers</subfield><subfield code="z">Illinois</subfield><subfield code="z">Anna</subfield><subfield code="v">Newspapers.</subfield></datafield><datafield ind1=" " ind2="0" tag="650"><subfield code="a">Horticulture</subfield><subfield code="z">Illinois</subfield><subfield code="z">Anna</subfield><subfield code="v">Newspapers.</subfield></datafield><datafield ind1=" " ind2="0" tag="650"><subfield code="a">Agriculture</subfield><subfield code="z">Illinois</subfield><subfield code="z">Anna</subfield><subfield code="v">Newspapers.</subfield></datafield><datafield ind1=" " ind2="0" tag="651"><subfield code="a">Anna (Ill.)</subfield><subfield code="v">Newspapers.</subfield></datafield><datafield ind1=" " ind2="0" tag="651"><subfield code="a">Downstate Illinois (Ill.)</subfield><subfield code="v">Newspapers.</subfield></datafield><datafield ind1=" " ind2="7" tag="650"><subfield code="a">Agriculture.</subfield><subfield code="2">fast</subfield><subfield code="0">(OCoLC)fst00801355</subfield></datafield><datafield ind1=" " ind2="7" tag="650"><subfield code="a">Farmers.</subfield><subfield code="2">fast</subfield><subfield code="0">(OCoLC)fst00921321</subfield></datafield><datafield ind1=" " ind2="7" tag="650"><subfield code="a">Fruit growers.</subfield><subfield code="2">fast</subfield><subfield code="0">(OCoLC)fst00935666</subfield></datafield><datafield ind1=" " ind2="7" tag="650"><subfield code="a">Horticulture.</subfield><subfield code="2">fast</subfield><subfield code="0">(OCoLC)fst00960791</subfield></datafield><datafield ind1=" " ind2="7" tag="651"><subfield code="a">Illinois</subfield><subfield code="z">Anna.</subfield><subfield code="2">fast</subfield><subfield code="0">(OCoLC)fst01287694</subfield></datafield><datafield ind1=" " ind2="7" tag="651"><subfield code="a">Illinois</subfield><subfield code="z">Downstate Illinois.</subfield><subfield code="2">fast</subfield><subfield code="0">(OCoLC)fst01302402</subfield></datafield><datafield ind1=" " ind2="7" tag="655"><subfield code="a">Newspapers.</subfield><subfield code="2">fast</subfield><subfield code="0">(OCoLC)fst01423814</subfield></datafield><datafield ind1=" " ind2=" " tag="752"><subfield code="a">United States</subfield><subfield code="b">Illinois</subfield><subfield code="c">Union</subfield><subfield code="d">Anna.</subfield></datafield><datafield ind1="0" ind2="8" tag="776"><subfield code="h">Print.</subfield><subfield code="t">Farmer and fruit grower of Southern Illinois</subfield><subfield code="w">(DLC)sn 93055620</subfield><subfield code="w">(OCoLC)27654012</subfield></datafield><datafield ind1="0" ind2="0" tag="780"><subfield code="t">Farmer and fruit grower</subfield><subfield code="w">(DLC)sn 93055619</subfield><subfield code="w">(OCoLC)27653703</subfield></datafield></record>